@online{site:hibernate,
	title = {Hibernate},
	url = {https://hibernate.org/orm/}
}

@online{site:githubrepository,
	title = {Assignment 8 repository},
	url = {https://github.com/mbasso/se-assignment-8}
}